
@article{dixon86,
  title={Weakly singular discrete {G}r\"{o}nwall inequalities},
  author={Dixon, J. and McKee, S.},
  journal={ZAMM-Journal of Applied Mathematics and Mechanics/Zeitschrift f{\"u}r Angewandte Mathematik und Mechanik},
  volume={66},
  number={11},
  pages={535--544},
  year={1986},
  publisher={Wiley Online Library}
}



@article{llx11,
  title={Finite difference/spectral approximations for the fractional cable equation},
  author={Lin, Y. and Li, X. and Xu, C.},
  journal={Mathematics of Computation},
  volume={80},
  number={275},
  pages={1369--1396},
  year={2011}
}

@article{hms11,
  title={Mittag-{L}effler functions and their applications},
  author={Haubold, H. J. and Mathai, A. M. and Saxena, R. K.},
  journal={Journal of Applied Mathematics},
  volume={2011},
  year={2011},
  publisher={Hindawi Publishing Corporation}
}
@article{mg00,
  title={On {M}ittag-{L}effler-type functions in fractional evolution processes},
  author={Mainardi, F. and Gorenflo, R.},
  journal={Journal of Computational and Applied Mathematics},
  volume={118},
  number={1},
  pages={283--299},
  year={2000},
  publisher={Elsevier}
}

@article{cn79,
  title={Abstract linear and nonlinear {V}olterra equations preserving positivity},
  author={Cl{\'e}ment, P. and Nohel, J. A.},
  journal={SIAM Journal on Mathematical Analysis},
  volume={10},
  number={2},
  pages={365--388},
  year={1979},
  publisher={SIAM}
}


@article{weis75,
  title={Asymptotic behavior of some nonlinear {V}olterra integral equations},
  author={Weis, D. G.},
  journal={Journal of Mathematical Analysis and Applications},
  volume={49},
  number={1},
  pages={59--87},
  year={1975},
  publisher={Elsevier}
}

@article{mf71,
  title={Smoothness of solutions of {V}olterra integral equations with weakly singular kernels},
  author={Miller, R. K. and Feldstein, A.},
  journal={SIAM Journal on Mathematical Analysis},
  volume={2},
  number={2},
  pages={242--258},
  year={1971},
  publisher={SIAM}
}

@article{by12,
  title={Blow-up behavior of {H}ammerstein-type {V}olterra integral equations},
  author={Brunner, H. and Yang, Z. W.},
  journal={J. Integral Equations Appl},
  volume={24},
  number={4},
  pages={487},
  year={2012}
}

@article{liliu16,
  title={A generalized definition of {C}aputo derivatives and its application to fractional {ODE}s},
  author={Li, L. and Liu, J.-G.},
  journal={arXiv preprint arXiv:1612.05103v2},
  year={2017}
}
@article{stanislavsky06,
  title={Hamiltonian formalism of fractional systems},
  author={Stanislavsky, A.A.},
  journal={The European Physical Journal B-Condensed Matter and Complex Systems},
  volume={49},
  number={1},
  pages={93--101},
  year={2006},
  publisher={Springer}
}

@article{ci09,
  title={About fractional {H}amiltonian systems},
  author={Cresson, J. and Inizan, P.},
  journal={Physica Scripta},
  volume={2009},
  number={T136},
  pages={014007},
  year={2009},
  publisher={IOP Publishing}
}



@article{cn81,
  title={Asymptotic behavior of solutions of nonlinear {V}olterra equations with completely positive kernels},
  author={Cl{\'e}ment, P. and Nohel, J. A.},
  journal={SIAM Journal on Mathematical Analysis},
  volume={12},
  number={4},
  pages={514--535},
  year={1981},
  publisher={SIAM}
}
@inproceedings{matignon96,
  title={Stability results for fractional differential equations with applications to control processing},
  author={Matignon, D.},
  booktitle={Computational engineering in systems applications},
  volume={2},
  pages={963--968},
  year={1996}
}



@book{gm97,
  title={Fractional {C}alculus},
  author={Gorenflo, R. and Mainardi, F.},
  year={1997},
  publisher={Springer}
}



@book{diethelm10,
  title={The analysis of fractional differential equations: An application-oriented exposition using differential operators of {C}aputo type},
  author={Diethelm, K.},
  year={2010},
  publisher={Springer}
}

@article{df02,
  title={Analysis of fractional differential equations},
  author={Diethelm, K. and Ford, N. J.},
  journal={Journal of Mathematical Analysis and Applications},
  volume={265},
  number={2},
  pages={229--248},
  year={2002},
  publisher={Elsevier}
}


@article{taylorremarks,
  title={Remarks on fractional diffusion equations},
  author={Taylor, M.},
  journal={Preprint}
}
@article{evans10,
  title={Partial differential equations},
  author={Evans, L.C.},
  year={2010},
  publisher={American Mathematical Society}
}

@inproceedings{gllm02,
  title={Computation of the {M}ittag-{L}effler function ${E}_{\alpha,\beta}(z)$ and its derivative},
  author={Gorenflo, R. and Loutchko, J. and Luchko, Y.},
  booktitle={Fract. Calc. Appl. Anal},
  year={2002},
  organization={Citeseer}
}


@book{folland95,
  title={Introduction to partial differential equations},
  author={Folland, G.B.},
  year={1995},
  publisher={Princeton university press}
}

@misc{royden88,
  title={Real Analysis},
  author={Royden, H.L.},
  publisher={Macmillan Publishing Company, New York},
  year={1988}
}

@article{dlp15,
  title={Coagulation-fragmentation model for animal group-size statistics},
  author={Degond, P. and Liu, J. and Pego, R.L.},
  journal={arXiv preprint arXiv:1510.06077},
  year={2015}
}

@book{ssv12,
  title={Bernstein functions: theory and applications},
  author={Schilling, R.L. and Song, R. and Vondracek, Z.},
  volume={37},
  year={2012},
  publisher={Walter de Gruyter}
}


@article{ala16,
  title={A parabolic problem with a fractional time derivative},
  author={Allen, M. and Caffarelli, L. and Vasseur, A.},
  journal={Archive for Rational Mechanics and Analysis},
  volume={221},
  number={2},
  pages={603--630},
  year={2016},
  publisher={Springer}
}

@article{hs88,
  title={On moment sequences and infinitely divisible sequences},
  author={B.G. Hansen and F.W. Steutel},
  journal={J. Math. Anal. Appl.},
  volume={136},
  number={1},
  pages={304--313},
  year={1988}
}
@article{rss09,
  title={Completely monotone sequences and universally prestarlike functions},
  author={S. Ruscheweyh and L. Salinas and T. Sugawa},
  journal={Israel J. Math.},
  volume={171},
  number={1},
  pages={285--304},
  year={2009}
}



@article{mpg07,
  title={Probability distributions generated by fractional diffusion equations},
  author={Mainardi, F. and Paradisi, P. and Gorenflo, R.},
  journal={arXiv preprint arXiv:0704.0320},
  year={2007}
}

@book{fs09,
  title={Analytic combinatorics},
  author={P. Flajolet and R. Sedgewick},
  year={2009},
  publisher={Cambridge University press}
}

@article{gly14,
  title={Operator theoretic approach to the {C}aputo derivative and the fractional diffusion equations},
  author={R. Gorenflo and Y. Luchko and M. Yamamoto},
  journal={arXiv preprint arXiv:1411.7289},
  year={2014}
}



@article{lx07,
  title={Finite difference/spectral approximations for the time-fractional diffusion equation},
  author={Lin, Y. and Xu, C.},
  journal={Journal of Computational Physics},
  volume={225},
  number={2},
  pages={1533--1552},
  year={2007},
  publisher={Elsevier}
}


@book{widder41,
  title={Laplace {T}ransform (PMS-6)},
  author={Widder, D. V.},
  year={2015},
  publisher={Princeton University Press}
}
@article{lp16,
  title={On generating functions of {H}ausdorff moment sequences},
  author={Liu, J. and Pego, R.},
  journal={Transactions of the American Mathematical Society},
  year={2016}
}



@article{kst06,
title = "Theory and Applications of Fractional Differential Equations",
journal = "North-Holland Mathematics Studies",
volume = "204",
number = "",
pages = "vii - x",
year = "2006",
issn = "0304-0208",
doi = "http://dx.doi.org/10.1016/S0304-0208(06)80001-0",
url = "http://www.sciencedirect.com/science/article/pii/S0304020806800010",
author = "A. A. Kilbas and H. M. Srivastava and J. J. Trujillo",

}

@article{jlpr15,
  title={Variational formulation of problems involving fractional order differential operators},
  author={B. Jin and R. Lazarov and J. Pasciak and W. Rundell},
  journal={Math. Comput.},
  year={2015}
}


@article{os88,
	Author = {S. Osher and J. Sethian},
	Journal = {J. Comput. Phys.},
	Pages = {12-49},
	Title = {Fronts propagating with curvature dependent speed: algorithms based on {H}amilton-{J}acobi formulations},
	Volume = {79},
	Year = {1988}}

@ARTICLE{sm11,
  author = {D. Salac and M. Miksis},
  title = {A level set projection model of lipid vesicles in general flows},
  journal = {J. Comput. Phys.},
  year = {2011},
  volume = {230},
  pages = {8192--8215},
  number = {22},
}

@article{xz03,
  title={An Eulerian formulation for solving partial differential equations along a moving interface},
  author={J. Xu and H. Zhao},
  journal={J. Sci. Comput.},
  volume={19},
  number={1-3},
  pages={573--594},
  year={2003}
}

@article{harten89,
	Author = {A. Harten},
	Journal = {J. Comput. Phys.},
	Pages = {148-184},
	Title = {{ENO} schemes with subcell resolution},
	Volume = {83},
	Year = {1989}}

@article{xw06,
  title={Systematic derivation of jump conditions for the immersed interface method in three-dimensional flow simulation},
  author={S. Xu and Z. Wang},
  journal={SIAM J. Sci. Comput.},
  volume={27},
  number={6},
  pages={1948--1980},
  year={2006},
  publisher={SIAM}
}

@article{mori08,
  title={Convergence proof of the velocity field for a {S}tokes flow immersed boundary method},
  author={Y. Mori},
  journal={Commun. Pure Appl. Math.},
  volume={61},
  number={9},
  pages={1213--1263},
  year={2008}
}

@article{xw2d06,
  title={An immersed interface method for simulating the interaction of a fluid with moving boundaries},
  author={S. Xu and Z.J. Wang},
  journal={J. Comput. Phys.},
  volume={216},
  number={2},
  pages={454--493},
  year={2006}
}

@article{lkp06,
  title={An immersed interface method for viscous incompressible flows involving rigid and flexible boundaries},
  author={D. Le and B. C. Khoo and J. Peraire},
  journal={J. Comput. Phys.},
  volume={220},
  number={1},
  pages={109--138},
  year={2006}
}

@article{zhao04,
	Author = {H. K. Zhao},
	Journal = {Math. Comp.},
	Number = {250},
	Pages = {603-627},
	Title = {A fast sweeping method for {E}ikonal equations},
	Volume = {74},
	Year = {2004}}

@article{beale15,
  title={Uniform Error Estimates for {N}avier-{S}tokes Flow with an Exact Moving Boundary Using the Immersed Interface Method},
  author={J. Beale},
  journal={SIAM J. Numer. Anal.},
  volume={53},
  number={4},
  pages={2097--2111},
  year={2015}
}

@article{laili01,
  title={A remark on jump conditions for the three-dimensional {N}avier-{S}tokes equations involving an immersed moving membrane},
  author={M. Lai and Z. Li},
  journal={Appl. Math. Lett.},
  volume={14},
  number={2},
  pages={149--154},
  year={2001}
}

@article{lilai01,
  title={The immersed interface method for the {N}avier-{S}tokes equations with singular forces},
  author={Z. Li and M. Lai},
  journal={J. Comput. Phys.},
  volume={171},
  number={2},
  pages={822--842},
  year={2001}
}

@article{ll94,
  title={The immersed interface method for elliptic equations with discontinuous coefficients and singular sources},
  author={R. J Leveque and Z. Li},
  journal={SIAM J. Numer. Anal.},
  volume={31},
  number={4},
  pages={1019--1044},
  year={1994}
}

@article{ll03,
  title={An Immersed Interface Method for Incompressible {N}avier-{S}tokes Equations},
  author={L. Lee and R. J LeVeque},
  journal={SIAM J. Sci. Comput.},
  volume={25},
  number={3},
  pages={832--856},
  year={2003}
}
@article{nave2010gradient,
  title={A gradient-augmented level set method with an optimally local, coherent advection scheme},
  author={J. Nave and R. Rosales and B. Seibold},
  journal={J. Comput. Phys.},
  volume={229},
  number={10},
  pages={3802--3827},
  year={2010},
}

@article{kimmoin85,
  title={Application of a fractional-step method to incompressible {N}avier-{S}tokes equations},
  author={J. Kim and P. Moin},
  journal={J. Comput. Phys.},
  volume={59},
  number={2},
  pages={308--323},
  year={1985}
}

@article{ll97,
  title={Immersed interface methods for {S}tokes flow with elastic boundaries or surface tension},
  author={R. LeVeque and Z. Li},
  journal={SIAM J. Sci. Comput.},
  volume={18},
  number={3},
  pages={709--735},
  year={1997}
}

@article{lxs_preparation,
  author = {L. Li and X. Xu and S. E. Spagnolie},
  title = {A locally gradient preserving reinitialization for level set functions},
  journal={http://arxiv.org/abs/1504.02064},
  year={2015}
}

@article{chorin67,
  title={The numerical solution of the {N}avier-{S}tokes equations for an incompressible fluid},
  author={A. Chorin},
  journal={Bull. Amer. Math. Soc.},
  volume={73},
  number={6},
  pages={928--931},
  year={1967}
}


@article{chorin68,
  title={Numerical solution of the Navier-Stokes equations},
  author={A. Chorin},
  journal={Math. Comp.},
  volume={22},
  number={104},
  pages={745--762},
  year={1968}
}

@article{min10,
  title={On reinitializing level set functions},
  author={C. Min},
  journal={J. Comput. Phys.},
  volume={229},
  number={8},
  pages={2764--2772},
  year={2010},
}

@article{el96,
  title={Vorticity boundary condition and related issues for finite difference schemes},
  author={W. E and J. Liu},
  journal={J. Comput. Phys.},
  volume={124},
  number={2},
  pages={368--382},
  year={1996}
}

@article{el95,
  title={Projection method {I}: convergence and numerical boundary layers},
  author={W. E and J. Liu},
  journal={SIAM J. Numer. Anal.},
  volume={32},
  number={4},
  pages={1017--1057},
  year={1995}
}

@article{gms06,
  title={An overview of projection methods for incompressible flows},
  author={J. Guermond and P. Minev and J. Shen},
  journal={Comput. Methods Appl. Mech. Engrg.},
  volume={195},
  number={44},
  pages={6011--6045},
  year={2006}
}


@article{fdhp11,
  title={Towards oscillation-free implementation of the immersed boundary method with spectral-like methods},
  author={J. Fang and M. Diebold and C. Higgins and M. Parlange},
  journal={J. Comput. Phys.},
  volume={230},
  number={22},
  pages={8179--8191},
  year={2011}
}

@article{smereka00,
	Author = {P. Semereka},
	Journal = {Phys. D},
	Pages = {282-301},
	Title = {Spiral crystal growth},
	Volume = {138},
	Year = {2000}}

@article{lz09a,
	Author = {S. Leung and H. Zhao},
	Journal = {J. Comput. Phys.},
	Pages = {7706-7728},
	Title = {A grid based particle method for evolution of open curves and surfaces},
	Volume = {228},
	Year = {2009}}


@book{Atkinson78,
	Address = {New York},
	Author = {Atkinson, K.E.},
	Publisher = {John Wiley \& Sons},
	Title = {An Introduction to Numerical Analysis},
	Year = {1978}}

@book{AtkinsonHan,
	Address = {New York, NY},
	Author = {Atkinson, K. and Han, W.},
	Publisher = {Springer},
	Title = {Theoretical Numerical Analysis},
	Year = {2009}}

@book{Batchelor67,
	Address = {Cambridge, England},
	Author = {Batchelor, G.K.},
	Publisher = {Cambridge University Press},
	Title = {Introduction to Fluid Dynamics},
	Year = {1967}}

@book{bah87,
	Author = {Bird, R. B. and Armstrong, R. C. and Hassager, O.},
	Publisher = {John Wiley and Sons Inc., New York, NY},
	Title = {Dynamics of polymeric liquids. Vol. 1: Fluid mechanics},
	Year = {1987}}

@article{Briley71,
	Author = {Briley, WR},
	Journal = {J. Fluid Mech.},
	Pages = {713},
	Title = {NUMERICAL STUDY OF LAMINAR SEPARATION BUBBLES USING {Navier-Stokes}},
	Volume = {47},
	Year = {1971}}

@article{cm08,
	Author = {G. Cottet and E. Maitre},
	Journal = {Math. Model. Numer. Anal.},
	Pages = {471-492},
	Title = {EULERIAN FORMULATION AND LEVEL SET MODELS FOR INCOMPRESSIBLE FLUID-STRUCTURE INTERACTION},
	Volume = {42},
	Year = {2008}}

@article{cm04,
	Author = {G. Cottet and E. Maitre},
	Journal = {C. R. Acad. Sci. Paris},
	Pages = {581-586},
	Title = {A level-set formulation of immersed boundary methods for fluid-structure interaction problems},
	Volume = {338},
	Year = {2004}}

@article{Dabiri08,
	Author = {Dabiri, J. O.},
	Journal = {Ann. Rev. Fluid Mech.},
	Pages = {17-33},
	Title = {Optimal Vortex Formation as a Unifying Principle in Biological Propulsion},
	Volume = {41},
	Year = {2009}}

@article{fpw07,
	Author = {H. C. Fu and T. R. Powers and H. C. Wolgemuth},
	Journal = {Phys. Rev. Lett.},
	Pages = {258101--258105},
	Title = {Theory of swimming filaments in viscoelastic media},
	Volume = {99},
	Year = {2007}}

@article{cm06,
	Author = {G. Cottet and E. Maitre},
	Journal = {Math. Models Methods Appl. Sci.},
	Pages = {415-438},
	Title = {A level set method for fluid-structure interactions with immersed surfaces},
	Volume = {16},
	Year = {2006}}

@article{Johnson80,
	Author = {Johnson, RE},
	Journal = {J. Fluid Mech.},
	Pages = {411-431},
	Title = {AN IMPROVED SLENDER-BODY THEORY FOR STOKES-FLOW},
	Volume = {99},
	Year = {1980}}

@article{lp12,
	Author = {S. Lim and C. S. Peskin},
	Journal = {Phys. Rev. E.},
	Pages = {036307},
	Title = {Fluid-mechanical interaction of flexible bacterial flagella by the immersed boundary method},
	Volume = {85},
	Year = {2012}}

@article{mmpr12,
	Author = {E. Maitre. and C. Misbah and P. Peyla. and A. Raoult},
	Journal = {Phys. D},
	Pages = {1146-1157},
	Title = {Comparison between advected-field and level-set methods in the study of vesicle dynamics},
	Volume = {241},
	Year = {2012}}

@article{of01,
	Author = {S. Osher and R. P. Fedkiw},
	Journal = {J. Comput. Phys.},
	Pages = {463-502},
	Title = {Level Set Methods: An Overview and Some Recent Results},
	Volume = {169},
	Year = {2001}}

@article{chmo96,
	Author = {Y. C. Chang and T. Y. Hou and B. Merriman and S. Osher},
	Journal = {J. Comput. Phys.},
	Pages = {449-464},
	Title = {A Level Set Formulation of Eulerian Interface Capturing Methods for Incompressible Fluid Flows},
	Volume = {124},
	Year = {1996}}

@article{sso94,
	Author = {M. Sussman and P. Smereka and S. Osher},
	Journal = {J. Comput. Phys.},
	Pages = {146-159},
	Title = {A Level Set Approach for Computing Solutions to Incompressible Two-Phase Flow},
	Volume = {114},
	Year = {1994}}

@article{pmozk99,
	Author = {D. Peng and B. Merriman and S. Osher and H. Zhao and M. Kang},
	Date-Modified = {2014-08-24 16:34:38 +0000},
	Journal = {J. Comput. Phys.},
	Pages = {410-438},
	Title = {A {PDE}-Based Fast Local Level Set Method},
	Volume = {155},
	Year = {1999}}

@article{jlot05,
	Author = {S. Jin and H. Liu and S. Osher and R. Tsai},
	Journal = {J. Comput. Phys.},
	Pages = {497-518},
	Title = {Computing multi-valued physical observables for the high frequency limit of symmetric hyperbolic systems},
	Volume = {210},
	Year = {2005}}

@article{peskin02,
	Author = {C. S. Peskin},
	Journal = {Acta Numer.},
	Pages = {479-517},
	Title = {The immersed boundary method},
	Year = {2002}}

@article{ostrov00,
	Author = {D. N. Ostrov},
	Journal = {Nonlinear Analysis},
	Pages = {709-736},
	Title = {Extending viscosity solutions to Eikonal equations with discontinuous spatial dependence},
	Volume = {42},
	Year = {2000}}

@article{Ishii85,
	Author = {H. Ishii},
	Journal = {Bull. Fac. Sci. Engrg. Chuo. Univ.},
	Pages = {33-77},
	Title = {Hamilton-Jacobi equations with discontinuous Hamiltonians an arbitrary open sets},
	Volume = {28},
	Year = {1985}}

@article{Ishii86,
	Author = {H. Ishii},
	Journal = {Funkcialaj Ekvacioj},
	Pages = {167-188},
	Title = {Existence and uniqueness of solutions of Hamilton-Jacobi equations},
	Volume = {29},
	Year = {1986}}

@article{Ishii87,
	Author = {H. Ishii},
	Journal = {Proc. Amer. Math. Soc.},
	Title = {A simple, direct proof of uniqueness for solutions of the Hamilton-Jacobi equations of Eikonal type},
	Volume = {100},
	Year = {1987}}

@article{cl83,
	Author = {M. G. Crandall and P. L. Lions},
	Journal = {Trans. Amer. Math. Soc.},
	Pages = {1-42},
	Title = {Viscosity solutions of Hamilton-Jacobi equations},
	Volume = {277},
	Year = {1983}}

@article{soravia02,
	Author = {P. Soravia},
	Journal = {Indiana Univ. Math. J.},
	Pages = {451-476},
	Title = {Boundary value problems for Hamilton-Jacobi equations with discontinuous Lagrangian},
	Volume = {51},
	Year = {2002}}

@article{pm87,
	Author = {Power, H. and Miranda, G.},
	Journal = {SIAM J. Appl. Math.},
	Pages = {689-698},
	Title = {Second kind integral equation formulation of {S}tokes flows past a particle of arbitrary shape},
	Volume = {47},
	Year = {1987}}

@book{evans10,
	Author = {L. C. Evans},
	Publisher = {American Mathematical Society},
	Title = {Partial Differential Equations: Second Edition},
	Year = {2010}}

@book{Pozrikidis92,
	Address = {Pitman, London},
	Author = {P. L. Lions},
	Publisher = {Pitman Research Notes Series},
	Title = {Boundary Integral and Singularity Methods for Linearized Viscous Flow},
	Year = {1982}}

@book{lions82,
	Address = {Cambridge, UK},
	Author = {P. L. Lions},
	Publisher = {Cambridge University Press},
	Title = {Generalized solutions of Hamilton-Jacobi equations},
	Year = {1992}}

@book{koike04,
	Author = {S. Koike},
	Publisher = {Math. Soc. Japan},
	Title = {A Beginner's Guide to the Theory of Viscosity Solutions},
	Year = {2004}}

@techreport{ai02,
	Affiliation = {ARIANA - INRIA Sophia Antipolis / Laboratoire I3S},
	Author = {Aujol, Jean-Fran{\c c}ois and Aubert, Gilles},
	Institution = {INRIA},
	Number = {RR-4507},
	Pdf = {http://hal.inria.fr/inria-00072081/PDF/RR-4507.pdf},
	Title = {{Signed distance functions and viscosity solutions of discontinuous Hamilton-Jacobi Equations}},
	Year = {2002}}

@article{roberts1993volterra,
  title={Volterra equations which model explosion in a diffusive medium},
  author={Roberts, C. A. and Lasseigne, D. G. and Olmstead, W. E.},
  journal={J. Integral Equations Appl.},
  volume={5},
  number={4},
  pages={531--546},
  year={1993}
}
@article{roberts1996growth,
  title={Growth rates for blow-up solutions of nonlinear {V}olterra equations},
  author={Roberts, C. A. and Olmstead, W. E.},
  journal={Quarterly of applied mathematics},
  volume={54},
  number={1},
  pages={153--159},
  year={1996}
}



@book{bleistein1975asymptotic,
  title={Asymptotic expansions of integrals},
  author={Bleistein, N. and Handelsman, R. A.},
  year={1975},
  publisher={Courier Corporation}
}

@article{caputo1967linear,
  title={Linear models of dissipation whose {Q} is almost frequency independent--{I}{I}},
  author={Caputo, M.},
  journal={Geophysical Journal International},
  volume={13},
  number={5},
  pages={529--539},
  year={1967},
  publisher={Oxford University Press}
}


@article{zaslavsky2002chaos,
  title={Chaos, fractional kinetics, and anomalous transport},
  author={Zaslavsky, G. M.},
  journal={Physics Reports},
  volume={371},
  number={6},
  pages={461--580},
  year={2002},
  publisher={Elsevier}
}

@article{munkhammar2004riemann,
  title={Riemann-{L}iouville fractional derivatives and the {T}aylor-{R}iemann series},
  author={Munkhammar, J. D.},
  journal={UUDM project report},
  volume={7},
  pages={1--18},
  year={2004},
  publisher={Department of Mathematics, Uppsala University}
}

@article{drapaca2012fractional,
  title={A fractional model of continuum mechanics},
  author={Drapaca, C. S. and Sivaloganathan, S.},
  journal={Journal of Elasticity},
  volume={107},
  number={2},
  pages={105--123},
  year={2012},
  publisher={Springer}
}
